<record><leader>00000cas a2200000 a 4500</leader><controlfield tag="001">10180493</controlfield><controlfield tag="007">hd bfu---bact</controlfield><controlfield tag="008">831202d18851899nbuwr nea     0   a0eng d</controlfield><datafield ind1=" " ind2=" " tag="010"><subfield code="a">sn 96080314 </subfield></datafield><datafield ind1=" " ind2=" " tag="040"><subfield code="a">LDL</subfield><subfield code="b">eng</subfield><subfield code="c">LDL</subfield><subfield code="d">NVG</subfield><subfield code="d">OCL</subfield><subfield code="d">OCLCQ</subfield><subfield code="d">OCLCF</subfield><subfield code="d">OCLCO</subfield><subfield code="d">OCLCQ</subfield><subfield code="d">LDL</subfield></datafield><datafield ind1=" " ind2=" " tag="042"><subfield code="a">msc</subfield></datafield><datafield ind1=" " ind2=" " tag="043"><subfield code="a">n-us-nb</subfield></datafield><datafield ind1="0" ind2=" " tag="130"><subfield code="a">Hesperian (Lincoln, Neb.)</subfield></datafield><datafield ind1="1" ind2="4" tag="245"><subfield code="a">The Hesperian /</subfield><subfield code="c">University of Nebraska.</subfield></datafield><datafield ind1=" " ind2=" " tag="260"><subfield code="a">Lincoln, Neb. :</subfield><subfield code="b">Hesperian Pub. Association, University of Nebraska,</subfield><subfield code="c">1885-1899.</subfield></datafield><datafield ind1=" " ind2=" " tag="300"><subfield code="a">16 volumes ;</subfield><subfield code="c">43 cm</subfield></datafield><datafield ind1=" " ind2=" " tag="310"><subfield code="a">Weekly (during the academic year),</subfield><subfield code="b">Sept. 24, 1896-May 20, 1899</subfield></datafield><datafield ind1=" " ind2=" " tag="321"><subfield code="a">Semimonthly (during the academic year),</subfield><subfield code="b">July 5, 1885-June 5, 1896</subfield></datafield><datafield ind1=" " ind2=" " tag="336"><subfield code="a">text</subfield><subfield code="b">txt</subfield><subfield code="2">rdacontent</subfield></datafield><datafield ind1=" " ind2=" " tag="337"><subfield code="a">microform</subfield><subfield code="b">h</subfield><subfield code="2">rdamedia</subfield></datafield><datafield ind1=" " ind2=" " tag="338"><subfield code="a">microfilm reel</subfield><subfield code="b">hd</subfield><subfield code="2">rdacarrier</subfield></datafield><datafield ind1="0" ind2=" " tag="362"><subfield code="a">Vol. 13, no. 14 (July 5, 1885)-v. 28, no. 32 (May 20, 1899).</subfield></datafield><datafield ind1=" " ind2=" " tag="580"><subfield code="a">Merged with: Nebraskan, to form: Nebraskan-Hesperian.</subfield></datafield><datafield ind1=" " ind2=" " tag="533"><subfield code="a">Microfilm.</subfield><subfield code="b">Lincoln, Neb. :</subfield><subfield code="c">University of Nebraska Archives,</subfield><subfield code="d">1972.</subfield><subfield code="e">3 microfilm reels ; 35 mm.</subfield></datafield><datafield ind1="2" ind2="0" tag="610"><subfield code="a">University of Nebraska (Lincoln campus)</subfield><subfield code="v">Newspapers.</subfield></datafield><datafield ind1="2" ind2="7" tag="610"><subfield code="a">University of Nebraska (Lincoln campus)</subfield><subfield code="2">fast</subfield><subfield code="0">(OCoLC)fst00531033</subfield></datafield><datafield ind1=" " ind2="7" tag="655"><subfield code="a">Newspapers.</subfield><subfield code="2">fast</subfield><subfield code="0">(OCoLC)fst01423814</subfield></datafield><datafield ind1="2" ind2=" " tag="710"><subfield code="a">University of Nebraska (Lincoln campus)</subfield></datafield><datafield ind1=" " ind2=" " tag="752"><subfield code="a">United States</subfield><subfield code="b">Nebraska</subfield><subfield code="c">Lancaster</subfield><subfield code="d">Lincoln.</subfield></datafield><datafield ind1="0" ind2="0" tag="780"><subfield code="t">Hesperian student</subfield><subfield code="w">(DLC)sn 96080316</subfield><subfield code="w">(OCoLC)10180538</subfield></datafield><datafield ind1="1" ind2="7" tag="785"><subfield code="t">Nebraskan</subfield><subfield code="w">(DLC)sn 96080313</subfield><subfield code="w">(OCoLC)10178410</subfield></datafield><datafield ind1="1" ind2="7" tag="785"><subfield code="t">Nebraskan-Hesperian</subfield><subfield code="w">(DLC)sn 96080315</subfield><subfield code="w">(OCoLC)10178347</subfield></datafield><datafield ind1="1" ind2=" " tag="029"><subfield code="a">AU@</subfield><subfield code="b">000012570530</subfield></datafield></record>